%
% msic.bib
% (miscellaneous, everything)
%
% misc - Template useful for other kinds of publication
%   Required fields: none
%   Optional fields: author, title, howpublished, month, year, note.
%
% Reference
% http://en.wikibooks.org/wiki/LaTeX/Bibliography_Management

% -----------------------------------------------------------------------------

% -----------------------------------------------------------------------------
%  E.g (Website)
@manual{UnityArticulation2024,
  author = {{Unity Technologies}},
  title = {ArticulationBody Component Reference},
  year = {2024},
  url = {https://docs.unity3d.com/6000.0/Documentation/Manual/class-ArticulationBody.html},
  note = {Accessed: 2024-03-12}
}

% -----------------------------------------------------------------------------

% -----------------------------------------------------------------------------

% -----------------------------------------------------------------------------

% -----------------------------------------------------------------------------
