%
% paper.bib
%
% inproceedings - An article in a conference proceedings.
%   Required: author, title, booktitle, year.
%   Optional fields: editor, volume/number, series, pages, address, month, organization, publisher, note.

% Reference
% http://en.wikibooks.org/wiki/LaTeX/Bibliography_Management
@article{DigitalTwin,
  author={Zhou, Lei and Ding, Yi and Zhang, Yanning and Li, Keqiang},
  title={Digital Twin Simulation of Connected and Automated Vehicles with Vehicle-to-Everything (V2X) Communication Environment},
  journal={IEEE Transactions on Industrial Informatics},
  year={2022},
  volume={18},
  number={2},
  pages={1379-1389},
  doi={10.1109/TII.2021.3101950}
}
% -----------------------------------------------------------------------------
@incollection{Grieves2017DigitalTwin,
  author    = {Michael Grieves and John Vickers},
  title     = {Digital Twin: Mitigating Unpredictable, Undesirable Emergent Behavior in Complex Systems},
  booktitle = {Transdisciplinary Perspectives on Complex Systems},
  editor    = {F.-J. Kahlen et al.},
  publisher = {Springer International Publishing},
  year      = {2017},
  pages     = {85--112},
  doi       = {10.1007/978-3-319-38756-7_4},
  url       = {https://www.researchgate.net/publication/306223791}
}

% -----------------------------------------------------------------------------

% -----------------------------------------------------------------------------

% -----------------------------------------------------------------------------

% -----------------------------------------------------------------------------

% -----------------------------------------------------------------------------

% -----------------------------------------------------------------------------

% -----------------------------------------------------------------------------

% -----------------------------------------------------------------------------

